@article {ATV,
    AUTHOR = {Artin, M. and Tate, J. and Van den Bergh, M.},
     TITLE = {Modules over regular algebras of dimension {$3$}},
   JOURNAL = {Invent. Math.},
  FJOURNAL = {Inventiones Mathematicae},
    VOLUME = {106},
      YEAR = {1991},
    NUMBER = {2},
     PAGES = {335--388},
      ISSN = {0020-9910},
   MRCLASS = {16W50 (14H52 16E10)},
  MRNUMBER = {1128218},
MRREVIEWER = {G\"{u}nter R. Krause},
       DOI = {10.1007/BF01243916},
       URL = {https://doi.org/10.1007/BF01243916},
}

@article{Craw-Smith,
	Author = {Craw, Alastair and Smith, Gregory G.},
	Coden = {AJMAAN},
	Date-Added = {2010-12-07 23:09:32 +0000},
	Date-Modified = {2010-12-07 23:09:50 +0000},
	Doi = {10.1353/ajm.0.0027},
	Fjournal = {American Journal of Mathematics},
	Issn = {0002-9327},
	Journal = {Amer. J. Math.},
	Mrclass = {14M25 (14D20 16G20)},
	Mrnumber = {2464026 (2010b:14101)},
	Mrreviewer = {A. Prabhakar Rao},
	Number = {6},
	Pages = {1509--1534},
	Title = {Projective toric varieties as fine moduli spaces of quiver representations},
	Url = {http://dx.doi.org/10.1353/ajm.0.0027},
	Volume = {130},
	Year = {2008}}

@article {MR2421120,
    AUTHOR = {Bergman, Aaron and Proudfoot, Nicholas J.},
     TITLE = {Moduli spaces for {B}ondal quivers},
   JOURNAL = {Pacific J. Math.},
  FJOURNAL = {Pacific Journal of Mathematics},
    VOLUME = {237},
      YEAR = {2008},
    NUMBER = {2},
     PAGES = {201--221},
      ISSN = {0030-8730},
   MRCLASS = {18E30 (14F05 14L24 16G20)},
  MRNUMBER = {2421120},
MRREVIEWER = {Bal\'{a}zs Szendr\H{o}i},
       DOI = {10.2140/pjm.2008.237.201},
       URL = {https://doi.org/10.2140/pjm.2008.237.201},
}

@unpublished{Lurie,
	Author = {Lurie, Jacob},
	Note = {arXiv:math/0412266},
	Title = {Tannaka Duality for Geometric Stacks},
    Year={2004},}

@unpublished{HIMO,
	Author = {Herschend, Martin and Iyama,Osamu and Minamoto, Hiroyuki and Oppermann, Steffen},
	Note = {arXiv:1409.0668},
	Title = {Representation theory of {G}eigle-{L}enzing complete intersections},
    Year={2014}}

@article {Abd,
    AUTHOR = {Abdelgadir, Tarig M. H.},
     TITLE = {Quivers of sections on toric orbifolds},
   JOURNAL = {J. Algebra},
  FJOURNAL = {Journal of Algebra},
    VOLUME = {349},
      YEAR = {2012},
     PAGES = {128--149},
      ISSN = {0021-8693},
   MRCLASS = {14D23 (14A20)},
  MRNUMBER = {2853630},
       URL = {https://doi.org/10.1016/j.jalgebra.2011.08.033},
}

@article {ACV,
    AUTHOR = {Abramovich, Dan and Corti, Alessio and Vistoli, Angelo},
     TITLE = {Twisted bundles and admissible covers},
      NOTE = {Special issue in honor of Steven L. Kleiman},
   JOURNAL = {Comm. Algebra},
  FJOURNAL = {Communications in Algebra},
    VOLUME = {31},
      YEAR = {2003},
    NUMBER = {8},
     PAGES = {3547--3618},
      ISSN = {0092-7872},
   MRCLASS = {14H10 (14A20 14H30)},
  MRNUMBER = {2007376},
MRREVIEWER = {Andrew Kresch},
       DOI = {10.1081/AGB-120022434},
       URL = {http://dx.doi.org/10.1081/AGB-120022434},
}

@article {Alp,
    AUTHOR = {Alper, Jarod},
     TITLE = {Good moduli spaces for {A}rtin stacks},
   JOURNAL = {Ann. Inst. Fourier (Grenoble)},
  FJOURNAL = {Universit\'e de Grenoble. Annales de l'Institut Fourier},
    VOLUME = {63},
      YEAR = {2013},
    NUMBER = {6},
     PAGES = {2349--2402},
      ISSN = {0373-0956},
   MRCLASS = {14D23 (14L24 14L30)},
  MRNUMBER = {3237451},
MRREVIEWER = {Arvid Siqveland},
       URL = {http://aif.cedram.org/item?id=AIF_2013__63_6_2349_0},
}

@article {AOV,
    AUTHOR = {Abramovich, Dan and Olsson, Martin and Vistoli, Angelo},
     TITLE = {Tame stacks in positive characteristic},
   JOURNAL = {Ann. Inst. Fourier (Grenoble)},
  FJOURNAL = {Universit\'e de Grenoble. Annales de l'Institut Fourier},
    VOLUME = {58},
      YEAR = {2008},
    NUMBER = {4},
     PAGES = {1057--1091},
      ISSN = {0373-0956},
   MRCLASS = {14A20 (14L15)},
  MRNUMBER = {2427954},
MRREVIEWER = {Hsian-Hua Tseng},
       URL = {http://aif.cedram.org/item?id=AIF_2008__58_4_1057_0},
}


@book {ARS,
    AUTHOR = {Auslander, Maurice and Reiten, Idun and Smal\o , Sverre O.},
     TITLE = {Representation theory of {A}rtin algebras},
    SERIES = {Cambridge Studies in Advanced Mathematics},
    VOLUME = {36},
      NOTE = {Corrected reprint of the 1995 original},
 PUBLISHER = {Cambridge University Press, Cambridge},
      YEAR = {1997},
     PAGES = {xiv+425},
      ISBN = {0-521-41134-3; 0-521-59923-7},
   MRCLASS = {16Gxx (16-02)},
  MRNUMBER = {1476671},
}

@article{AU,
	Author = {Abdelgadir, Tarig and Ueda, Kazushi},
	Date-Added = {2017-05-26 01:42:17 +0000},
	Date-Modified = {2017-05-26 01:42:17 +0000},
	Doi = {10.1080/00927872.2013.842245},
	Fjournal = {Communications in Algebra},
	Issn = {0092-7872},
	Journal = {Comm. Algebra},
	Mrclass = {16G20 (14D23)},
	Mrnumber = {3274027},
	Mrreviewer = {Alfonso Zamora},
	Number = {2},
	Pages = {636--649},
	Title = {Weighted projective lines as fine moduli spaces of quiver representations},
	Url = {http://dx.doi.org/10.1080/00927872.2013.842245},
	Volume = {43},
	Year = {2015},
	}
	
@article {MR1002456,
    AUTHOR = {Rickard, Jeremy},
     TITLE = {Morita theory for derived categories},
   JOURNAL = {J. London Math. Soc. (2)},
  FJOURNAL = {Journal of the London Mathematical Society. Second Series},
    VOLUME = {39},
      YEAR = {1989},
    NUMBER = {3},
     PAGES = {436--456},
      ISSN = {0024-6107},
   MRCLASS = {18E30 (16D90)},
  MRNUMBER = {1002456},
MRREVIEWER = {Autorreferat},
       DOI = {10.1112/jlms/s2-39.3.436},
       URL = {https://doi.org/10.1112/jlms/s2-39.3.436},
}

	
@article {AZ94,
    AUTHOR = {Artin, M. and Zhang, J. J.},
     TITLE = {Noncommutative projective schemes},
   JOURNAL = {Adv. Math.},
  FJOURNAL = {Advances in Mathematics},
    VOLUME = {109},
      YEAR = {1994},
    NUMBER = {2},
     PAGES = {228--287},
      ISSN = {0001-8708},
   MRCLASS = {14A22},
  MRNUMBER = {1304753},
MRREVIEWER = {Michel Van den Bergh},
       DOI = {10.1006/aima.1994.1087},
       URL = {http://dx.doi.org/10.1006/aima.1994.1087},
}
	
@article {AZ01,
    AUTHOR = {Artin, M. and Zhang, J. J.},
     TITLE = {Abstract {H}ilbert schemes},
   JOURNAL = {Algebr. Represent. Theory},
  FJOURNAL = {Algebras and Representation Theory},
    VOLUME = {4},
      YEAR = {2001},
    NUMBER = {4},
     PAGES = {305--394},
      ISSN = {1386-923X},
   MRCLASS = {16S38 (14C05 14D20 18E15)},
  MRNUMBER = {1863391},
MRREVIEWER = {Michel Van den Bergh},
       DOI = {10.1023/A:1012006112261},
       URL = {http://dx.doi.org/10.1023/A:1012006112261},
}

@article {Bei,
    AUTHOR = {Be\u\i linson, A. A.},
     TITLE = {Coherent sheaves on {${\bf P}^{n}$}\ and problems in linear
              algebra},
   JOURNAL = {Funktsional. Anal. i Prilozhen.},
  FJOURNAL = {Akademiya Nauk SSSR. Funktsional\cprime ny\u\i \ Analiz i ego
              Prilozheniya},
    VOLUME = {12},
      YEAR = {1978},
    NUMBER = {3},
     PAGES = {68--69},
      ISSN = {0374-1990},
   MRCLASS = {14F05 (18E30 81C99)},
  MRNUMBER = {509388},
MRREVIEWER = {P. E. Newstead},
}

@article {BKR,
    AUTHOR = {Bridgeland, Tom and King, Alastair and Reid, Miles},
     TITLE = {The {M}c{K}ay correspondence as an equivalence of derived
              categories},
   JOURNAL = {J. Amer. Math. Soc.},
  FJOURNAL = {Journal of the American Mathematical Society},
    VOLUME = {14},
      YEAR = {2001},
    NUMBER = {3},
     PAGES = {535--554},
      ISSN = {0894-0347},
   MRCLASS = {14E15 (14F05 14J30 18E30 19L47)},
  MRNUMBER = {1824990},
MRREVIEWER = {Ana Jerem\'\i as L\'opez},
       DOI = {10.1090/S0894-0347-01-00368-X},
       URL = {http://dx.doi.org/10.1090/S0894-0347-01-00368-X},
}


@article {Bridge,
    AUTHOR = {Bridgeland, Tom},
     TITLE = {Equivalences of triangulated categories and {F}ourier-{M}ukai
              transforms},
   JOURNAL = {Bull. London Math. Soc.},
  FJOURNAL = {The Bulletin of the London Mathematical Society},
    VOLUME = {31},
      YEAR = {1999},
    NUMBER = {1},
     PAGES = {25--34},
      ISSN = {0024-6093},
   MRCLASS = {18E30 (14J28)},
  MRNUMBER = {1651025},
MRREVIEWER = {Daniel Hern\'andez Ruip\'erez},
       DOI = {10.1112/S0024609398004998},
       URL = {http://dx.doi.org/10.1112/S0024609398004998},
}

@article {C12,
    AUTHOR = {Chan, Daniel},
     TITLE = {Twisted rings and moduli stacks of ``fat'' point modules in
              non-commutative projective geometry},
   JOURNAL = {Adv. Math.},
  FJOURNAL = {Advances in Mathematics},
    VOLUME = {229},
      YEAR = {2012},
    NUMBER = {4},
     PAGES = {2184--2209},
      ISSN = {0001-8708},
   MRCLASS = {14D23 (14A22 16H05)},
  MRNUMBER = {2880219},
MRREVIEWER = {Jon Eivind Vatne},
       URL = {https://doi.org/10.1016/j.aim.2011.12.006},
}

@article {C17,
    AUTHOR = {Chan, Daniel},
     TITLE = {2-hereditary algebras and almost {F}ano weighted surfaces},
   JOURNAL = {J. Algebra},
  FJOURNAL = {Journal of Algebra},
    VOLUME = {478},
      YEAR = {2017},
     PAGES = {92--132},
      ISSN = {0021-8693},
   MRCLASS = {14F05 (14J45 18E30)},
  MRNUMBER = {3621664},
MRREVIEWER = {Jian Min Chen},
       DOI = {10.1016/j.jalgebra.2016.11.037},
       URL = {https://doi.org/10.1016/j.jalgebra.2016.11.037},
}

@article {Cad,
    AUTHOR = {Cadman, Charles},
     TITLE = {Using stacks to impose tangency conditions on curves},
   JOURNAL = {Amer. J. Math.},
  FJOURNAL = {American Journal of Mathematics},
    VOLUME = {129},
      YEAR = {2007},
    NUMBER = {2},
     PAGES = {405--427},
      ISSN = {0002-9327},
   MRCLASS = {14D20 (14A20 14N35)},
  MRNUMBER = {2306040},
MRREVIEWER = {Michael A. Rose},
       URL = {https://doi.org/10.1353/ajm.2007.0007},
}

@article {CI,
    AUTHOR = {Chan, Daniel and Ingalls, Colin},
     TITLE = {Non-commutative coordinate rings and stacks},
   JOURNAL = {Proc. London Math. Soc. (3)},
  FJOURNAL = {Proceedings of the London Mathematical Society. Third Series},
    VOLUME = {88},
      YEAR = {2004},
    NUMBER = {1},
     PAGES = {63--88},
      ISSN = {0024-6115},
   MRCLASS = {14A22 (14A20 16S38)},
  MRNUMBER = {2018958},
MRREVIEWER = {Peter J\o rgensen},
       DOI = {10.1112/S0024611503014278},
       URL = {http://dx.doi.org/10.1112/S0024611503014278},
}

@article{CL,
	Author = {Chan, Daniel and Lerner, Boris},
	Date-Added = {2017-05-20 11:20:54 +0000},
	Date-Modified = {2017-05-20 11:20:54 +0000},
	Doi = {10.1016/j.aim.2017.03.027},
	Fjournal = {Advances in Mathematics},
	Issn = {0001-8708},
	Journal = {Adv. Math.},
	Mrclass = {14A20 (14F05 16G10)},
	Mrnumber = {3635820},
	Pages = {588--635},
	Title = {Moduli stacks of {S}erre stable representations in tilting theory},
	Url = {http://dx.doi.org/10.1016/j.aim.2017.03.027},
	Volume = {312},
	Year = {2017},
	}

	
@incollection {GL,
    AUTHOR = {Geigle, Werner and Lenzing, Helmut},
     TITLE = {A class of weighted projective curves arising in
              representation theory of finite-dimensional algebras},
 BOOKTITLE = {Singularities, representation of algebras, and vector bundles
              ({L}ambrecht, 1985)},
    SERIES = {Lecture Notes in Math.},
    VOLUME = {1273},
     PAGES = {265--297},
 PUBLISHER = {Springer, Berlin},
      YEAR = {1987},
   MRCLASS = {14H45 (14F05 16A64)},
  MRNUMBER = {915180},
MRREVIEWER = {Alfred G. Wiedemann},
       DOI = {10.1007/BFb0078849},
       URL = {http://dx.doi.org/10.1007/BFb0078849},
}
	
@book {Hart,
    AUTHOR = {Hartshorne, Robin},
     TITLE = {Algebraic geometry},
      NOTE = {Graduate Texts in Mathematics, No. 52},
 PUBLISHER = {Springer-Verlag, New York-Heidelberg},
      YEAR = {1977},
     PAGES = {xvi+496},
      ISBN = {0-387-90244-9},
   MRCLASS = {14-01},
  MRNUMBER = {0463157},
MRREVIEWER = {Robert Speiser},
}

@article {HR,
    AUTHOR = {Hall, Jack and Rydh, David},
     TITLE = {Perfect complexes on algebraic stacks},
   JOURNAL = {Compos. Math.},
  FJOURNAL = {Compositio Mathematica},
    VOLUME = {153},
      YEAR = {2017},
    NUMBER = {11},
     PAGES = {2318--2367},
      ISSN = {0010-437X},
   MRCLASS = {14F05 (13D09 14A20 18E30)},
  MRNUMBER = {3705292},
       DOI = {10.1112/S0010437X17007394},
       URL = {http://dx.doi.org/10.1112/S0010437X17007394},
}


@article {KeM,
    AUTHOR = {Keel, Se\'an and Mori, Shigefumi},
     TITLE = {Quotients by groupoids},
   JOURNAL = {Ann. of Math. (2)},
  FJOURNAL = {Annals of Mathematics. Second Series},
    VOLUME = {145},
      YEAR = {1997},
    NUMBER = {1},
     PAGES = {193--213},
      ISSN = {0003-486X},
   MRCLASS = {14D25 (14L30)},
  MRNUMBER = {1432041},
MRREVIEWER = {Andrzej Bia\l ynicki-Birula},
       DOI = {10.2307/2951828},
       URL = {http://dx.doi.org/10.2307/2951828},
}

@article {Ki,
    AUTHOR = {King, A. D.},
     TITLE = {Moduli of representations of finite-dimensional algebras},
   JOURNAL = {Quart. J. Math. Oxford Ser. (2)},
  FJOURNAL = {The Quarterly Journal of Mathematics. Oxford. Second Series},
    VOLUME = {45},
      YEAR = {1994},
    NUMBER = {180},
     PAGES = {515--530},
      ISSN = {0033-5606},
   MRCLASS = {16G10 (14D25)},
  MRNUMBER = {1315461},
       DOI = {10.1093/qmath/45.4.515},
       URL = {http://dx.doi.org/10.1093/qmath/45.4.515},
}

@incollection {Kr,
    AUTHOR = {Kresch, Andrew},
     TITLE = {On the geometry of {D}eligne-{M}umford stacks},
 BOOKTITLE = {Algebraic geometry---{S}eattle 2005. {P}art 1},
    SERIES = {Proc. Sympos. Pure Math.},
    VOLUME = {80},
     PAGES = {259--271},
 PUBLISHER = {Amer. Math. Soc., Providence, RI},
      YEAR = {2009},
   MRCLASS = {14A20 (14D23 14L24)},
  MRNUMBER = {2483938},
MRREVIEWER = {Fabio Perroni},
       DOI = {10.1090/pspum/080.1/2483938},
       URL = {http://dx.doi.org/10.1090/pspum/080.1/2483938},
}


@book {LM-B,
    AUTHOR = {Laumon, G\'erard and Moret-Bailly, Laurent},
     TITLE = {Champs alg\'ebriques},
    SERIES = {Ergebnisse der Mathematik und ihrer Grenzgebiete. 3. Folge. A
              Series of Modern Surveys in Mathematics [Results in
              Mathematics and Related Areas. 3rd Series. A Series of Modern
              Surveys in Mathematics]},
    VOLUME = {39},
 PUBLISHER = {Springer-Verlag, Berlin},
      YEAR = {2000},
     PAGES = {xii+208},
      ISBN = {3-540-65761-4},
   MRCLASS = {14A20 (14D20)},
  MRNUMBER = {1771927},
MRREVIEWER = {Dan Edidin},
}


@book {Mil,
    AUTHOR = {Milne, James S.},
     TITLE = {\'Etale cohomology},
    SERIES = {Princeton Mathematical Series},
    VOLUME = {33},
 PUBLISHER = {Princeton University Press, Princeton, N.J.},
      YEAR = {1980},
     PAGES = {xiii+323},
      ISBN = {0-691-08238-3},
   MRCLASS = {14-02 (14F20 18F99)},
  MRNUMBER = {559531},
MRREVIEWER = {G. Horrocks},
}


@article {OS,
    AUTHOR = {Olsson, Martin and Starr, Jason},
     TITLE = {Quot functors for {D}eligne-{M}umford stacks},
      NOTE = {Special issue in honor of Steven L. Kleiman},
   JOURNAL = {Comm. Algebra},
  FJOURNAL = {Communications in Algebra},
    VOLUME = {31},
      YEAR = {2003},
    NUMBER = {8},
     PAGES = {4069--4096},
      ISSN = {0092-7872},
   MRCLASS = {14A20 (14C05)},
  MRNUMBER = {2007396},
MRREVIEWER = {Ivan S. Kausz},
       DOI = {10.1081/AGB-120022454},
       URL = {http://dx.doi.org/10.1081/AGB-120022454},
}


@book {Wei,
    AUTHOR = {Weibel, Charles A.},
     TITLE = {An introduction to homological algebra},
    SERIES = {Cambridge Studies in Advanced Mathematics},
    VOLUME = {38},
 PUBLISHER = {Cambridge University Press, Cambridge},
      YEAR = {1994},
     PAGES = {xiv+450},
      ISBN = {0-521-43500-5; 0-521-55987-1},
   MRCLASS = {18-01 (16-01 17-01 20-01 55Uxx)},
  MRNUMBER = {1269324},
MRREVIEWER = {Kenneth A. Brown},
       DOI = {10.1017/CBO9781139644136},
       URL = {http://dx.doi.org/10.1017/CBO9781139644136},
}